<record><leader>00000cas a22000007a 4500</leader><controlfield tag="001">9391293</controlfield><controlfield tag="008">830409d18201822ohuwr ne      0    0eng d</controlfield><controlfield tag="009">3783</controlfield><datafield ind1=" " ind2=" " tag="010"><subfield code="a">sn 83035061 </subfield></datafield><datafield ind1=" " ind2=" " tag="040"><subfield code="a">NPY</subfield><subfield code="b">eng</subfield><subfield code="c">NPY</subfield><subfield code="d">NPV</subfield><subfield code="d">NPY</subfield><subfield code="d">DLC</subfield><subfield code="d">NPX</subfield><subfield code="d">DLC</subfield><subfield code="d">NPU</subfield><subfield code="d">YOX</subfield><subfield code="d">ONP</subfield><subfield code="d">CRL</subfield><subfield code="d">OCL</subfield><subfield code="d">KRTAS</subfield><subfield code="d">CRL</subfield><subfield code="d">OCLCF</subfield><subfield code="d">OCLCO</subfield></datafield><datafield ind1="1" ind2=" " tag="029"><subfield code="a">AU@</subfield><subfield code="b">000020128100</subfield></datafield><datafield ind1=" " ind2=" " tag="042"><subfield code="a">msc</subfield></datafield><datafield ind1="0" ind2="0" tag="050"><subfield code="a">Newspaper 9266</subfield></datafield><datafield ind1="0" ind2=" " tag="130"><subfield code="a">Western spy, and literary cadet (Cincinnati, Ohio : 1820)</subfield></datafield><datafield ind1="0" ind2="0" tag="245"><subfield code="a">Western spy, and literary cadet.</subfield></datafield><datafield ind1="1" ind2="0" tag="246"><subfield code="a">Western spy, &amp; literary cadet</subfield></datafield><datafield ind1=" " ind2=" " tag="260"><subfield code="a">Cincinnati, Ohio :</subfield><subfield code="b">Looker, Palmer &amp; Reynolds,</subfield><subfield code="c">1820-1822.</subfield></datafield><datafield ind1=" " ind2=" " tag="300"><subfield code="a">v.</subfield></datafield><datafield ind1=" " ind2=" " tag="310"><subfield code="a">Weekly</subfield></datafield><datafield ind1="0" ind2=" " tag="362"><subfield code="a">New ser., v. 7, no. 308 (Apr. 29, 1820)-new ser., v. 9, no. 447 (Dec. 28, 1822) = Whole no. 510-whole no. 646.</subfield></datafield><datafield ind1=" " ind2=" " tag="530"><subfield code="a">Also available on microfilm from Cincinnati Historical Society.</subfield></datafield><datafield ind1=" " ind2=" " tag="580"><subfield code="a">Merger of: Western spy, and Cincinnati general advertiser, and: Literary cadet and cheap city advertiser.</subfield></datafield><datafield ind1=" " ind2="0" tag="651"><subfield code="a">Cincinnati (Ohio)</subfield><subfield code="v">Newspapers.</subfield></datafield><datafield ind1=" " ind2="0" tag="651"><subfield code="a">Hamilton County (Ohio)</subfield><subfield code="v">Newspapers.</subfield></datafield><datafield ind1=" " ind2="7" tag="655"><subfield code="a">Newspapers.</subfield><subfield code="2">fast</subfield><subfield code="0">(OCoLC)fst01423814</subfield></datafield><datafield ind1=" " ind2="7" tag="651"><subfield code="a">Ohio</subfield><subfield code="z">Cincinnati.</subfield><subfield code="2">fast</subfield><subfield code="0">(OCoLC)fst01205142</subfield></datafield><datafield ind1=" " ind2="7" tag="651"><subfield code="a">Ohio</subfield><subfield code="z">Hamilton County.</subfield><subfield code="2">fast</subfield><subfield code="0">(OCoLC)fst01205597</subfield></datafield><datafield ind1=" " ind2=" " tag="752"><subfield code="a">United States</subfield><subfield code="b">Ohio</subfield><subfield code="c">Hamilton</subfield><subfield code="d">Cincinnati.</subfield></datafield><datafield ind1="0" ind2="8" tag="776"><subfield code="i">Online version:</subfield><subfield code="t">Western spy, and literary cadet (Cincinnati, Ohio : 1820)</subfield><subfield code="w">(OCoLC)809203237</subfield></datafield><datafield ind1="1" ind2="4" tag="780"><subfield code="t">Western spy, and Cincinnati general advertiser</subfield><subfield code="w">(DLC)sn 83035060</subfield><subfield code="w">(OCoLC)9391321</subfield></datafield><datafield ind1="1" ind2="4" tag="780"><subfield code="t">Literary cadet and cheap city advertiser</subfield><subfield code="w">(DLC)sn 91069454</subfield><subfield code="w">(OCoLC)23243753</subfield></datafield><datafield ind1="0" ind2="0" tag="785"><subfield code="t">National Republican and Ohio political register (Cincinnati, Ohio : Semiweekly)</subfield><subfield code="w">(DLC)sn 84031604</subfield><subfield code="w">(OCoLC)11151343</subfield></datafield><datafield ind1=" " ind2=" " tag="938"><subfield code="a">Kirtas Technologies, Inc.</subfield><subfield code="b">KRTS</subfield><subfield code="n">736470</subfield></datafield></record>